<record><leader>00000cas a22000007a 4500</leader><controlfield tag="001">31185611</controlfield><controlfield tag="008">940927d19071909okuwr ne      0    0eng d</controlfield><datafield ind1=" " ind2=" " tag="010"><subfield code="a">sn 94058993 </subfield></datafield><datafield ind1=" " ind2=" " tag="040"><subfield code="a">OBN</subfield><subfield code="b">eng</subfield><subfield code="c">OBN</subfield><subfield code="d">OCL</subfield><subfield code="d">OCLCQ</subfield><subfield code="d">OCLCO</subfield></datafield><datafield ind1="1" ind2=" " tag="029"><subfield code="a">AU@</subfield><subfield code="b">000011305808</subfield></datafield><datafield ind1=" " ind2=" " tag="042"><subfield code="a">msc</subfield></datafield><datafield ind1=" " ind2=" " tag="043"><subfield code="a">n-us-ok</subfield></datafield><datafield ind1="0" ind2=" " tag="130"><subfield code="a">Marshall County democrat (Madill, Okla. : 1907)</subfield></datafield><datafield ind1="1" ind2="0" tag="245"><subfield code="a">Marshall County democrat.</subfield></datafield><datafield ind1=" " ind2=" " tag="260"><subfield code="a">Madill, Chickasaw Nation, Indian Territory [Okla.] :</subfield><subfield code="b">Draper &amp; Looney</subfield></datafield><datafield ind1=" " ind2=" " tag="300"><subfield code="a">v.</subfield></datafield><datafield ind1=" " ind2=" " tag="310"><subfield code="a">Weekly</subfield></datafield><datafield ind1="0" ind2=" " tag="362"><subfield code="a">-v. 3, no. 30 (Apr. 16, 1909).</subfield></datafield><datafield ind1="1" ind2=" " tag="362"><subfield code="a">Began in 1907.</subfield></datafield><datafield ind1=" " ind2=" " tag="588"><subfield code="a">Description based on: Vol. 1, no. 44 (July 19, 1907).</subfield></datafield><datafield ind1=" " ind2="0" tag="651"><subfield code="a">Madill (Okla.)</subfield><subfield code="v">Newspapers.</subfield></datafield><datafield ind1=" " ind2="0" tag="651"><subfield code="a">Marshall County (Okla.)</subfield><subfield code="v">Newspapers.</subfield></datafield><datafield ind1=" " ind2="0" tag="651"><subfield code="a">Chickasaw Nation (Okla.)</subfield><subfield code="v">Newspapers.</subfield></datafield><datafield ind1=" " ind2="0" tag="651"><subfield code="a">Indian Territory</subfield><subfield code="v">Newspapers.</subfield></datafield><datafield ind1=" " ind2=" " tag="752"><subfield code="a">United States</subfield><subfield code="b">Oklahoma</subfield><subfield code="c">Marshall</subfield><subfield code="d">Madill.</subfield></datafield><datafield ind1="0" ind2="0" tag="780"><subfield code="t">Madill democrat</subfield><subfield code="w">(DLC)sn 94058992</subfield><subfield code="w">(OCoLC)31185525</subfield></datafield><datafield ind1="0" ind2="7" tag="785"><subfield code="t">Madill news (Madill, Okla. : 1907)</subfield><subfield code="w">(DLC)sn 94058991</subfield><subfield code="w">(OCoLC)31185470</subfield></datafield><datafield ind1="0" ind2="7" tag="785"><subfield code="t">Marshall County news-democrat</subfield><subfield code="w">(DLC)sn 94058994</subfield><subfield code="w">(OCoLC)31185763</subfield></datafield></record>